%% This BibTeX bibliography file was created using BibDesk.
%% http://bibdesk.sourceforge.net/


%% Created for Lucas Amaral Bulcão at 2014-12-08 09:43:40 -0300 


%% Saved with string encoding Unicode (UTF-8) 

@article{desafioeducadores1,
    author = {Mathias, Augusto and Palma Sanchez, Renata and Mendonça, Miriam and Andrade, Morato},
    year = {2019},
    month = {02},
    title = {INCENTIVAR HÁBITOS DE SONO ADEQUADOS: UM DESAFIO PARA OS EDUCADORES}
    }
    
    @article{desafioeducadores,
	Author = {Mathias, Augusto and Palma Sanchez, Renata and Mendonça, Miriam and Andrade, Morato},
	Date-Added = {2018-02-11 01:54:37 +0000},
	Date-Modified = {2018-02-11 01:54:37 +0000},
	Month = {May},
	Rating = {3},
	title = {INCENTIVAR HÁBITOS DE SONO ADEQUADOS: UM DESAFIO PARA OS EDUCADORES}
	Year = {2019}}

@article{gamificacaoaplicada,
	Author = {Marcelo Luis Fardo},
	Date-Added = {2014-08-05 01:54:37 +0000},
	Date-Modified = {2014-08-05 02:29:21 +0000},
	Howpublished = {"\url{https://seer.ufrgs.br/renote/article/view/41629}"},
	Month = {Julho},
	Rating = {3},
	Title = {A GAMIFICAÇÃO APLICADA EM AMBIENTES DE APRENDIZAGEM},
	Year = {2013}}

@article{ieee2015,
	Author = {Firas Layth Khaleel},
	Date-Added = {2014-08-05 01:54:37 +0000},
	Date-Modified = {2014-08-05 02:29:21 +0000},
	Howpublished = {"\url{https://www.researchgate.net/publication/304627718_User-enjoyable_learning_environment_based_on_Gamification_elements}"},
	Month = {July},
	Rating = {3},
	Title = {User-Enjoyable Learning Environment Based on Gamification Elements},
	Year = {2016}}

@article{extensiblegamification,
	Author = {P. E. Anderson and C. Turner and J. Dierksheide and R. McCauley},
	Date-Added = {2014-08-05 01:54:37 +0000},
	Date-Modified = {2014-08-05 02:29:21 +0000},
	Howpublished = {"\url{https://ieeexplore.ieee.org/document/7044205}"},
	Month = {Outubro},
	Rating = {3},
	Title = {An extensible online environment for teaching data science concepts through gamification},
	Year = {2014}}

@article{GomesZuin,
	Author = {Gomes Zuin, Vânia, Soares Zuin, Antônio Álvaro},
	Date-Added = {2014-08-05 01:54:37 +0000},
	Date-Modified = {2014-08-05 02:29:21 +0000},
	Howpublished = {"\url{http://www.redalyc.org/articulo.oa?id=155022262014}"},
	Month = {Outubro},
	Rating = {3},
	Title = {An extensible online environment for teaching data science concepts through gamification},
	Year = {2011}}

@book{SOMMERVILLE2011,
	Author = {Ian Sommerville},
	Date-Added = {2014-10-03 16:14:53 +0000},
	Date-Modified = {2014-10-03 16:19:12 +0000},
	Edition = {9},
	Publisher = {Person Prentice Hall},
	Title = {Engenharia de Software},
	Year = {2011}}

@article{Perry1992,
	Author = {Dewayne E. Perry},
	Date-Added = {2014-08-05 01:54:37 +0000},
	Date-Modified = {2014-08-05 02:29:21 +0000},
	Howpublished = {"\url{http://users.ece.utexas.edu/~perry/work/papers/swa-sen.pdf}"},
	Month = {Outubro},
	Rating = {3},
	Title = {Foundations for the Study of Software Architecture},
	Year = {1992}}

@book{jacobson93,
	Author = {Ivar Jacobson, Magnus Christerson, Patrik Jonsson and Gunnar {\"O}vergaard},
	Date-Added = {2014-11-21 11:00:27 +0000},
	Date-Modified = {2014-11-21 11:00:27 +0000},
	Publisher = {Addison-Wesley},
	Title = {Object-Oriented Software Engineering -- A Use Case Driven Approach},
	Year = {1993}}


















@article{tornela07,
	Author = {Paolo Tonella and Marco Torchiano and Bart Du bois and Tarja Syst{\~a}},
	Date-Added = {2014-11-28 11:27:28 +0000},
	Date-Modified = {2014-11-28 11:30:48 +0000},
	Journal = {Empirical Software Engineering},
	Month = {mar},
	Number = {5},
	Pages = {551-571},
	Title = {Empirical studies in reverse engineering: state of the art and future trends},
	Volume = {12},
	Year = {2007}}

@book{stevens06,
	Author = {Perdita Stevens and Rob J Pooley},
	Date-Added = {2014-11-21 11:01:05 +0000},
	Date-Modified = {2014-11-21 11:01:05 +0000},
	Publisher = {Pearson Education},
	Title = {Using UML: software engineering with objects and components},
	Year = {2006}}

@book{garlan95,
	Author = {David Garlan and Dewayne E. Perry},
	Date-Added = {2014-11-19 16:37:05 +0000},
	Date-Modified = {2014-11-19 16:38:01 +0000},
	Publisher = {IEEE TSE 21(4)},
	Title = {Introduction to the special issue on software architeture},
	Year = {1995}}

@book{bass97,
	Author = {Len Bass, Paul Clements and Rick Kazman},
	Date-Added = {2014-11-19 16:32:18 +0000},
	Date-Modified = {2014-11-19 16:33:34 +0000},
	Publisher = {Addison-Wesley},
	Title = {Software Architeture in Pratice},
	Year = {1997}}

@book{bezerra2007,
	Author = {Eduardo Bezerra},
	Date-Added = {2014-11-02 21:08:19 +0000},
	Date-Modified = {2014-11-02 21:10:27 +0000},
	Publisher = {ELSEVIER},
	Title = {Princ{\'\i}pios de An{\'a}lise e Projeto de Sistema com UML},
	Year = {2007}}



@misc{Ericsson2012,
	Author = {Ericsson},
	Date-Added = {2014-08-05 02:57:13 +0000},
	Date-Modified = {2014-08-05 02:59:05 +0000},
	Howpublished = {"\url{http://g1.globo.com/tecnologia/noticia/2013/03/numero-de-smartphones-triplicara-no-mundo-ate-2018-diz-pesquisa.html}". Acessado em 12 de junho de 2014.},
	Month = {Mar{\c c}o},
	Year = {2013}}

@misc{ipea2011,
	Author = {IPEA},
	Date-Added = {2014-08-05 01:54:37 +0000},
	Date-Modified = {2014-08-05 02:29:21 +0000},
	Howpublished = {"\url{http://www.ipea.gov.br/portal/index.php?option=com_content&view=article&id=8605}"},
	Month = {Maio},
	Rating = {3},
	Title = {A mobilidade urbana no Brasil},
	Year = {2011}}

@webpage{lands2011,
	Author = {Nathan Lands and JR B{\'e}dard},
	Date-Added = {2014-08-01 04:37:43 +0000},
	Date-Modified = {2014-12-08 12:43:32 +0000},
	Lastchecked = {25/07/2014},
	Month = {Novembro},
	Title = {Gamification Wiki},
	Url = {www.gamification.org},
	Year = {2010},
	Bdsk-Url-1 = {http://www.gamification.org}}

@jurthesis{hagglund2012,
	Author = {Per Hagglund},
	Date-Added = {2014-08-01 03:05:13 +0000},
	Date-Modified = {2014-08-01 03:07:40 +0000},
	School = {Umea Universitet},
	Title = {Taking gamification to the next level},
	Year = {2012}}

@jurthesis{pereira2011,
	Author = {RODRIGO MENDES DE CARVALHO PEREIRA},
	Date-Added = {2014-08-01 03:01:58 +0000},
	Date-Modified = {2014-08-01 03:03:26 +0000},
	School = {Escola Polit{\'e}cnica de Pernambuco},
	Title = {PROPOSTA DE UM JOGO SOCIAL COMO AGENTE DE INOVA{\c C}{\~A}O E EDUCA{\c C}{\~A}O EMPREENDEDORA},
	Year = {2011}}

@book{duggan2013,
	Author = {Kris Duggan and Kate Shoup},
	Date-Added = {2014-08-01 02:59:22 +0000},
	Date-Modified = {2014-08-01 03:13:56 +0000},
	Publisher = {New Jersey: John Wiley Sons, Inc},
	Title = {Buisiness Gamification for Dummies},
	Year = {2013}}

@inproceedings{deterding2011,
	Address = {Vancouver, BC, Canada},
	Author = {Sebastian Deterding and Dan Dixon and Lennart Nacke and Kenton O'Hara and Miguel Sicart},
	Booktitle = {Proceedings of the 2011 Annual Conference Extended Abstracts on Human Factors in Computing Systems (CHI EA 11)},
	Date-Added = {2014-08-01 02:53:52 +0000},
	Date-Modified = {2014-08-01 03:12:25 +0000},
	Pages = {2425-2428},
	Title = {Gamification: Using Game Design Elements in Non-Gaming Contexts},
	Year = {2011}}

@article{Zaidan2011,
	Author = {Omar Zaidan and Chris Callison-Burch},
	Date-Added = {2014-07-27 20:54:15 +0000},
	Date-Modified = {2014-07-27 20:55:24 +0000},
	Journal = {Association for Computational Linguistics},
	Title = {Crowdsourcing Translation: Professional Quality from Non-Professionals},
	Year = {2011}}

@article{Von2004,
	Author = {Luis Von Ahn and Laura Dabbish},
	Date-Added = {2014-07-27 20:49:37 +0000},
	Date-Modified = {2014-07-27 20:52:30 +0000},
	Journal = {Proceedings of the 2004 conference on Human factors in computing systems CHI 04},
	Number = {6},
	Pages = {319-326},
	Title = {Labeling images with a computer game},
	Volume = {1},
	Year = {2008}}

@book{surowiecki2005,
	Author = {James Surowiecki},
	Date-Added = {2014-07-27 18:28:51 +0000},
	Date-Modified = {2014-07-27 18:33:10 +0000},
	Publisher = {Anchor Books},
	Title = {The Wisdom of Crowds},
	Volume = {75},
	Year = {2005}}

@phdthesis{Hu2012,
	Author = {Chang Hu},
	Date-Added = {2014-07-27 18:25:24 +0000},
	Date-Modified = {2014-07-27 18:26:42 +0000},
	School = {University of Maryland},
	Title = {CROWDSOURCED MONOLINGUAL TRANSLATION},
	Year = {2012}}

@jurthesis{pintado2011,
	Author = {Diego Haupenthal Pintado},
	Date-Added = {2014-07-27 18:19:56 +0000},
	Date-Modified = {2014-07-27 18:21:31 +0000},
	School = {Universidade Federal do Rio Grande do Sul},
	Title = {CROWDFUNDING E A CULTURA DA PARTICIPA{\c C}{\~A}O: Motiva{\c c}{\~o}es envolvidas na participa{\c c}{\~a}o em projetos de patroc{\'\i}nio coletivo},
	Year = {2011}}

@article{schenk2009,
	Author = {Eric Schenk and Claude Guittard},
	Date-Added = {2014-07-27 18:10:15 +0000},
	Date-Modified = {2014-07-27 18:21:50 +0000},
	Journal = {INSA},
	Title = {Crowdsourcing: What can be Outsourced to the Crowd, and Why ?},
	Year = {2009}}

@article{Howe2006,
	Author = {Jeff Howe},
	Date-Added = {2014-07-27 18:06:30 +0000},
	Date-Modified = {2014-07-27 18:07:32 +0000},
	Journal = {Wired},
	Title = {The Rise of Crowdsourcing},
	Year = {2006}}

@mastersthesis{paraschakis2013,
	Author = {Dimitris Paraschakis},
	Date-Added = {2014-07-27 18:03:19 +0000},
	Date-Modified = {2014-07-27 18:21:44 +0000},
	School = {Malm{\"o} University, Department of Computer Science},
	Title = {Crowdsourcing cultural heritage metadata through social media gaming},
	Year = {2013}}

@article{brabham2008,
	Author = {Daren C. Brabham},
	Date-Added = {2014-07-27 17:53:51 +0000},
	Date-Modified = {2014-07-27 18:21:39 +0000},
	Journal = {In Convergence: The Int. Journal of Research into New Media Technologies 14},
	Pages = {75-90},
	Title = {Crowdsourcing as a Model for Problem Solving: An Introduction and Cases},
	Volume = {1},
	Year = {2008}}

@article{mediacups2001,
	Author = {Beigl, Michael and Gellersen, Hans-W. and Schmidt, Albrecht},
	Date-Added = {2014-06-22 18:38:23 +0000},
	Date-Modified = {2014-06-22 18:40:12 +0000},
	Journal = {Comput. Netw.},
	Month = {mar},
	Number = {4},
	Pages = {401-409},
	Title = {Mediacups: Experience with Design and Use of Computer-augmented Everyday Artefacts},
	Volume = {35},
	Year = {2001}}

@article{kindBerg2012,
	Author = {Tim Kindberg and Armando Fox},
	Date-Added = {2014-06-22 18:29:24 +0000},
	Date-Modified = {2014-06-22 18:35:23 +0000},
	Journal = {IEEE PERVASIVE Computing},
	Month = {jan},
	Number = {1},
	Pages = {70-81},
	Title = {System Software for Ubiquitous Computing},
	Volume = {1},
	Year = {2002}}

@mastersthesis{queirozfilho2012,
	Author = {Carlos Alberto Batista de Queiroz Filho},
	Date-Added = {2014-06-22 18:26:26 +0000},
	Date-Modified = {2014-06-22 18:28:55 +0000},
	School = {Universidade Federal do Cear{\'a}},
	Title = {Um mecanismo de tratamento de exece{\c c}{\~o}es sens{\'\i}vel ao contexto para sistemas ub{\'\i}quos orientados a tarefa},
	Year = {2012}}

@phdthesis{tandler2004,
	Address = {Darmstadt},
	Author = {Peter Tandler},
	Date-Added = {2014-06-15 16:40:12 +0000},
	Date-Modified = {2014-06-15 16:50:28 +0000},
	School = {Vom Fachbereich Informatik, Technischen Universit{\"a}t Darmstadt},
	Title = {Synchronous Collaboration in Ubiquitous Computing Environments},
	Year = {2004}}

@techreport{chen2000,
	Address = {Hanover, NH, USA},
	Author = {Guanling Chen and David Kotz},
	Date-Added = {2014-06-15 16:36:22 +0000},
	Date-Modified = {2014-06-15 16:39:44 +0000},
	Institution = {Dartmouth College},
	Title = {A Survey of Context-Aware Mobile Computing Research},
	Year = {2000}}

@conference{dey2000,
	Author = {Anind K. Dey and Gregory D. Abowd},
	Date-Added = {2014-06-15 16:27:07 +0000},
	Date-Modified = {2014-06-15 16:36:07 +0000},
	Editor = {CHI},
	Title = {Towards a Better Understanding of Context and Context Awareness},
	Year = {2000}}

@conference{ryan1997,
	Author = {Nick Ryan and Jason Pascoe and David Morse},
	Booktitle = {Computer Applications and Quantitative Methods in Archaeology (CAA Computer Applications and Quantitative Methods in Archaeology (CAA 97), Oxford},
	Date-Added = {2014-06-15 16:18:46 +0000},
	Date-Modified = {2014-06-15 16:26:23 +0000},
	Editor = {Gaffney, V. and van Leusen, M. and Exxon, S.},
	Title = {Enhanced reality fieldwork: the context-aware archaeological assistant.},
	Year = {1997}}

@article{schilit1994,
	Author = {Bill Schilit and Mavin Theimer},
	Date-Added = {2014-06-15 16:11:48 +0000},
	Date-Modified = {2014-06-15 16:18:27 +0000},
	Journal = {IEEE Network},
	Month = {Setembro},
	Number = {5},
	Pages = {22-32},
	Title = {Disseminating Active Map Information to Mobile Hosts},
	Volume = {8},
	Year = {1994}}

@mastersthesis{gomes2007,
	Author = {Alexandre Rodrigues Gomes},
	Date-Added = {2014-06-15 16:10:45 +0000},
	Date-Modified = {2014-06-15 16:11:35 +0000},
	School = {Universidade de Bras{\'\i}lia},
	Title = {UbiquitOS -- Uma proposta de arquitetura de middleware para a adaptabilidade de servi{\c c}os em sistemas de computa{\c c}{\~a}o ub{\'\i}qua},
	Year = {2007}}

@book{poslad2009,
	Author = {Stefan Poslad},
	Date-Added = {2014-06-14 19:55:15 +0000},
	Date-Modified = {2014-06-14 20:00:58 +0000},
	Publisher = {Wiley},
	Title = {Ubiquitous Computing: Smart Devices, Environments and Interactions},
	Year = {2009}}

@phdthesis{lopes2011,
	Annote = {Lopes},
	Author = {Frederico Ara{\'u}jo Silva Lopes},
	Date-Added = {2014-06-14 19:51:55 +0000},
	Date-Modified = {2014-06-14 20:11:01 +0000},
	Month = {Outubro},
	School = {Universidade Federal do Rio Grande do Norte},
	Title = {Uma Plataforma de Integra{\c c}{\~a}o de Middleware para Computa{\c c}{\~a}o Ub{\'\i}qua},
	Year = {2011}}

@mastersthesis{campiolo2005,
	Author = {Rodrigo Campiolo},
	Date-Added = {2014-05-19 01:58:07 +0000},
	Date-Modified = {2014-05-19 01:59:49 +0000},
	Month = {Junho},
	School = {Universidade Federal de Santa Catarina},
	Title = {Aspectos de Modelagem de Ambientes de Computa{\c c}{\~a}o Ub{\'\i}qua},
	Year = {2005}}

@article{weiser1993,
	Author = {Marke Weiser},
	Date-Added = {2014-05-19 01:53:48 +0000},
	Date-Modified = {2014-05-19 01:57:59 +0000},
	Journal = {Communications of the ACM},
	Month = {July},
	Number = {7},
	Pages = {75-84},
	Title = {Some Computer Science Issues in Ubiquitous Computing},
	Volume = {36},
	Year = {1993}}

@unpublished{planter2012,
	Author = {PLANTER},
	Date-Added = {2014-03-31 00:28:58 +0000},
	Date-Modified = {2014-03-31 00:31:08 +0000},
	Note = {Dispon{\'\i}vel em http://planterobservatorio.files.wordpress.com/2012/11/planter-mobilidade.pdf.},
	Title = {Avalia{\c c}{\~a}o da qualidade de servi{\c c}o no transporte p{\'u}blico},
	Year = {2012}}

@unpublished{Giovanelli2011,
	Author = {Carolina Giovanelli},
	Date-Added = {2014-03-31 00:03:17 +0000},
	Date-Modified = {2014-03-31 00:09:08 +0000},
	Month = {Fevereiro},
	Note = {Dispon{\'\i}vel em http://vejasp.abril.com.br/materia/transito-sao-paulo. Acesso: 30 de mar{\c c}o de 2014},
	Title = {Tr{\^a}nsito: o maior problema de S{\~a}o Paulo},
	Year = {2012}}

@unpublished{metropole2013,
	Address = {Rio de Janeiro - RJ},
	Author = {INCT},
	Date-Added = {2014-03-30 23:25:25 +0000},
	Date-Modified = {2014-03-31 00:16:00 +0000},
	Month = {Outubro},
	Note = {Dispon{\'\i}vel em http://www.observatoriodasmetropoles.net/download/auto\_motos2013.pdf. Acessado em: 28 de mar{\c c}o de 2014},
	Title = {Evolu{\c c}{\~a}o da frota de autom{\'o}veis e motos no Brasil 2001 - 2012},
	Year = {2013}}

@manual{IDC2013,
	Author = {IDC},
	Date-Added = {2014-03-30 22:20:06 +0000},
	Date-Modified = {2014-03-30 22:41:49 +0000},
	Read = {0},
	Title = {Android and ios combine for 91.1market in 4q12 and 87.6},
	Year = {2013}}

@article{weiser1991,
	Author = {Mark Weiser},
	Date-Added = {2014-03-30 22:14:18 +0000},
	Date-Modified = {2014-03-30 22:17:01 +0000},
	Journal = {Scientific American},
	Month = {September},
	Number = {3},
	Pages = {66-75},
	Title = {The computer of the 21st Century},
	Volume = {265},
	Year = {1991}}

@mastersthesis{pessoa2006,
	Address = {Vit{\'o}ria - ES},
	Author = {Rodrigo Mantovaneli Pessoa},
	Date-Added = {2014-03-30 22:05:32 +0000},
	Date-Modified = {2014-03-30 22:13:57 +0000},
	School = {Universidade Federal do Esp{\'\i}rito Santo},
	Title = {Infraware: Um Middleware de Suporte a Aplica{\c c}{\~o}es Sens{\'\i}veis ao Contexto},
	Type = {M.Sc. Dissertation},
	Year = {2006}}

@mastersthesis{carmo2012,
	Address = {Salvador - BA},
	Author = {Rafael Linsmar Cruz Carmo},
	Date-Added = {2014-03-30 22:01:22 +0000},
	Date-Modified = {2014-03-30 23:57:04 +0000},
	Keywords = {Computa{\c c}{\~a}o sens{\'\i}vel ao contexto, Dispositivos M{\'o}veis, Modelo de Arquitetura, ParkLocator, Android},
	Month = {Janeiro},
	School = {Universidade do Estado da Bahia},
	Title = {Modelo De Arquitetura De Uma Aplica{\c c}{\~a}o Sens{\'\i}vel Ao Contexto Para Localiza{\c c}{\~a}o De Estacionamentos Em Centros Urbanos},
	Type = {B.Sc. Dissertation},
	Year = {2013}}
