%% This BibTeX bibliography file was created using BibDesk.
%% http://bibdesk.sourceforge.net/


%% Created for Lucas Amaral Bulcão at 2014-12-08 09:43:40 -0300 


%% Saved with string encoding Unicode (UTF-8) 

@article{desafioeducadores,
    author = {Mathias, Augusto and Palma Sanchez, Renata and Mendonça, Miriam and Andrade, Morato},
    year = {2019},
    month = {02},
    title = {INCENTIVAR HÁBITOS DE SONO ADEQUADOS: UM DESAFIO PARA OS EDUCADORES}
    }

@article{gamificacaoaplicada,
	Author = {Marcelo Luis Fardo},
	Date-Added = {2014-08-05 01:54:37 +0000},
	Date-Modified = {2014-08-05 02:29:21 +0000},
	Howpublished = {"\url{https://seer.ufrgs.br/renote/article/view/41629}"},
	Month = {Julho},
	Rating = {3},
	Title = {A GAMIFICAÇÃO APLICADA EM AMBIENTES DE APRENDIZAGEM},
	Year = {2013}}

@article{ieee2015,
	Author = {Firas Layth Khaleel},
	Date-Added = {2014-08-05 01:54:37 +0000},
	Date-Modified = {2014-08-05 02:29:21 +0000},
	Howpublished = {"\url{https://www.researchgate.net/publication/304627718_User-enjoyable_learning_environment_based_on_Gamification_elements}"},
	Month = {July},
	Rating = {3},
	Title = {User-Enjoyable Learning Environment Based on Gamification Elements},
	Year = {2016}}

@article{extensiblegamification,
	Author = {P. E. Anderson and C. Turner and J. Dierksheide and R. McCauley},
	Date-Added = {2014-08-05 01:54:37 +0000},
	Date-Modified = {2014-08-05 02:29:21 +0000},
	Howpublished = {"\url{https://ieeexplore.ieee.org/document/7044205}"},
	Month = {Outubro},
	Rating = {3},
	Title = {An extensible online environment for teaching data science concepts through gamification},
	Year = {2014}}

@article{GomesZuin,
	Author = {Gomes Zuin, Vânia, Soares Zuin, Antônio Álvaro},
	Date-Added = {2014-08-05 01:54:37 +0000},
	Date-Modified = {2014-08-05 02:29:21 +0000},
	Howpublished = {"\url{http://www.redalyc.org/articulo.oa?id=155022262014}"},
	Month = {Outubro},
	Rating = {3},
	Title = {An extensible online environment for teaching data science concepts through gamification},
	Year = {2011}}

@book{SOMMERVILLE2011,
	Author = {Ian Sommerville},
	Date-Added = {2014-10-03 16:14:53 +0000},
	Date-Modified = {2014-10-03 16:19:12 +0000},
	Edition = {9},
	Publisher = {Person Prentice Hall},
	Title = {Engenharia de Software},
	Year = {2011}}

@article{Perry1992,
	Author = {Dewayne E. Perry},
	Date-Added = {2014-08-05 01:54:37 +0000},
	Date-Modified = {2014-08-05 02:29:21 +0000},
	Howpublished = {"\url{http://users.ece.utexas.edu/~perry/work/papers/swa-sen.pdf}"},
	Month = {Outubro},
	Rating = {3},
	Title = {Foundations for the Study of Software Architecture},
	Year = {1992}}

@book{jacobson93,
	Author = {Ivar Jacobson, Magnus Christerson, Patrik Jonsson and Gunnar {\"O}vergaard},
	Date-Added = {2014-11-21 11:00:27 +0000},
	Date-Modified = {2014-11-21 11:00:27 +0000},
	Publisher = {Addison-Wesley},
	Title = {Object-Oriented Software Engineering -- A Use Case Driven Approach},
	Year = {1993}}